<record><leader>00000cas a22000007a 4500</leader><controlfield tag="001">18286329</controlfield><controlfield tag="008">880729d19021980lauwr ne      0    0eng d</controlfield><datafield ind1=" " ind2=" " tag="010"><subfield code="a">sn 88064572 </subfield></datafield><datafield ind1=" " ind2=" " tag="040"><subfield code="a">LNP</subfield><subfield code="b">eng</subfield><subfield code="c">LNP</subfield><subfield code="d">OCLCQ</subfield></datafield><datafield ind1=" " ind2=" " tag="042"><subfield code="a">msc</subfield></datafield><datafield ind1="0" ind2=" " tag="130"><subfield code="a">Weekly news (Marksville, La. : 1902)</subfield></datafield><datafield ind1="1" ind2="4" tag="245"><subfield code="a">The Weekly news.</subfield></datafield><datafield ind1=" " ind2=" " tag="260"><subfield code="a">Marksville, Avoyelles Parish, La. :</subfield><subfield code="b">L.R. Gremillion</subfield></datafield><datafield ind1=" " ind2=" " tag="300"><subfield code="a">v.</subfield></datafield><datafield ind1=" " ind2=" " tag="310"><subfield code="a">Weekly</subfield></datafield><datafield ind1="1" ind2=" " tag="362"><subfield code="a">Began in 1902.</subfield></datafield><datafield ind1="0" ind2=" " tag="362"><subfield code="a">-[v. 135] no. 35 (Aug. 28, 1980).</subfield></datafield><datafield ind1=" " ind2=" " tag="588"><subfield code="a">Description based on: Vol. 6, no. 46 (May 15, 1909).</subfield></datafield><datafield ind1=" " ind2=" " tag="752"><subfield code="a">United States</subfield><subfield code="b">Louisiana</subfield><subfield code="c">Avoyelles</subfield><subfield code="d">Marksville.</subfield></datafield><datafield ind1="0" ind2="7" tag="785"><subfield code="t">Cottonport leader</subfield><subfield code="w">(DLC)sn 88064573</subfield></datafield><datafield ind1="0" ind2="7" tag="785"><subfield code="t">Avoyelles news-leader, the weekly news &amp; Cottonport leader</subfield><subfield code="w">(DLC)sn 89059233</subfield></datafield><datafield ind1="1" ind2=" " tag="029"><subfield code="a">AU@</subfield><subfield code="b">000025826476</subfield></datafield></record>